@mastersthesis{sasser,
  author       = {Z. Sasser},
  title        = {Geometry Agnostic Mutual Coupling Calibration for Phased Array Radar Systems},
  school       = {University of Oklahoma – Graduate College},
  year         = {2025},
  address      = {United States -- Oklahoma, US},
  note         = {Order No. 32001011}
}


#Subarray citations
@article{linder2025sub,

  title={A Sub-Aperture Based Calibration Algorithm for MIMO Antenna Arrays},

  author={Linder, Matthias and Schmidt, Daniel and Schwarz, Dominik and Riese, Nico and Waldschmidt, Christian},

  journal={IEEE Open Journal of Antennas and Propagation},

  year={2025},

  publisher={IEEE}

}

@inproceedings{conway2018,

  title={Multifunction phased array radar advanced technology demonstrator nearfield test results},

  author={Conway, M David and Du Russel, David and Morris, Alexander and Parry, Christine},

  booktitle={2018 IEEE Radar Conference (RadarConf18)},

  pages={1412--1415},

  year={2018},

  organization={IEEE}

}


@inproceedings{harger2021,

  title={Fully digital phased array development for next generation weather radar},

  author={Harger, Matthew and Conway, M David and Thomas, Henry and Weber, Mark and Bendickson, John and Morris, Alex and Hoffmann, Ted and Van Schaick, Nathan},

  booktitle={2021 IEEE Radar Conference (RadarConf21)},

  pages={1--6},

  year={2021},

  organization={IEEE}

}

 

 

 

@inproceedings{conway2013,

  title={On the development of a tileable LRU for the nextgen surveillance and weather radar capability program},

  author={Conway, D and Herd, J and Fosberry, M and Harger, M and Weigand, Chris and Yeary, M and Hondl, K},

  booktitle={2013 IEEE International Symposium on Phased Array Systems and Technology},

  pages={490--493},

  year={2013},

  organization={IEEE}

}

 

 

 

@article{herd2015,

  title={The evolution to modern phased array architectures},

  author={Herd, Jeffrey S and Conway, M David},

  journal={Proceedings of the IEEE},

  volume={104},

  number={3},

  pages={519--529},

  year={2015},

  publisher={IEEE}

}

@article{nickel,

  title={Array processing for radar: achievements and challenges},

  author={Nickel, Ulrich},

  journal={International Journal of Antennas and Propagation},

  volume={2013},

  number={1},

  pages={261230},

  year={2013},

  publisher={Wiley Online Library}

}

@inproceedings{ganti2018calibration,

  title={Calibration and direction of arrival performance of sonar arrays composed of multiple sub-arrays},

  author={Ganti, Anil},

  booktitle={OCEANS 2018 MTS/IEEE Charleston},

  pages={1--6},

  year={2018},

  organization={IEEE}

}

@article{benefits,

  title={Benefits of digital phased array radars},

  author={Talisa, Salvador H and O'Haver, Kenneth W and Comberiate, Thomas M and Sharp, Matthew D and Somerlock, Oscar F},

  journal={Proceedings of the IEEE},

  volume={104},

  number={3},

  pages={530--543},

  year={2016},

  publisher={IEEE}

}

 

@inproceedings{brown2014phased,

  title={Phased array antenna calibration using airborne radar clutter and MIMO},

  author={Brown, Matthew and Mirkin, Mitch and Rabideau, Dan},

  booktitle={2014 48th Asilomar Conference on Signals, Systems and Computers},

  pages={1150--1156},

  year={2014},

  organization={IEEE}

}

@article{pesavento2002direction,

  title={Direction finding in partly calibrated sensor arrays composed of multiple subarrays},

  author={Pesavento, Marius and Gershman, Alex B and Wong, Kon Max},

  journal={IEEE Transactions on Signal Processing},

  volume={50},

  number={9},

  pages={2103--2115},

  year={2002},

  publisher={IEEE}

}

%%
%%

@book{BalanisEMF,
  title={Advanced Engineering Electromagnetics},
  author={Balanis, Constantine A},
  year={2012},
  publisher={John Wiley \& sons, Inc.}
}

@book{balanisant,
  title={Antenna Theory Analysis and Design},
  author={Balanis, Constantine A},
  year={2005},
  publisher={John Wiley \& Sons, Inc.}
}
  
 @manual{HFSS,
  title={{HFSS} Getting starting Guides/Radar cross section ({RCS}) model},
  organization={HFSS},
  year={2015},
}

@misc{lewis,
  title={Self-phase up of array antennas with non-uniform element mutual coupling and arbitrary lattice orientation},
  author={Lewis, Gib F and Boe, Eric},
  year={1997},
  month=aug,
  publisher={Google Patents},
  note={US Patent 5,657,023}
}

@inbook{MCeffects, place={Cambridge}, title={Mutual Coupling Effects in Phased Arrays}, booktitle={Active Radar Cross Section Reduction: Theory and Applications}, publisher={Cambridge University Press}, author={Singh, Hema and Jha, Rakesh Mohan}, year={2015}, pages={177–215}}

@ARTICLE{lebron,
  author={Lebrón, Rodrigo M. and Tsai, Pei-Sang and Emmett, Jonathan M. and Fulton, Caleb and Salazar-Cerreno, Jorge L.},
  journal={IEEE Access}, 
  title={Validation and Testing of Initial and In-Situ Mutual Coupling-Based Calibration of a Dual-Polarized Active Phased Array Antenna}, 
  year={2020},
  volume={8},
  number={},
  pages={78315-78329},
  keywords={Calibration;Phased arrays;Probes;Mutual coupling;Couplings;Radar;Active phased array;calibration;component failure;mutual coupling;park and probe},
  doi={10.1109/ACCESS.2020.2983523}}


@inproceedings{bekers,

  title={Mutual-coupling based phased-array calibration: A robust and versatile approach},

  author={Bekers, Dave and van Dijk, Raymond and van Vliet, Frank},

  booktitle={2013 IEEE International Symposium on Phased Array Systems and Technology},

  pages={630--637},

  year={2013},

  organization={IEEE}

}

@inproceedings{javier,
author = {Javier Lujan and Caleb J. Fulton and Mark Yeary and Ellie A. Langley and Seth McCormick and Abigail Hedden},
title = {{Phased array radar initial alignment algorithm using mutual coupling: an iterative approach}},
volume = {11408},
booktitle = {Radar Sensor Technology XXIV},
editor = {Kenneth I. Ranney and Ann M. Raynal},
organization = {International Society for Optics and Photonics},
publisher = {SPIE},
pages = {1140811},
keywords = {Mutual Coupling , calibration , Digital Arrays},
year = {2020},
doi = {10.1117/12.2562963},
URL = {https://doi.org/10.1117/12.2562963}
}



@inproceedings{hassett,
  title={Phased Array Antenna Calibration Measurement Techniques and Methods},
  author={Hassett, Kim},
  booktitle={European Conference Antennas Propagation (EuCAP)},
  year={2016}
}

@article{mitchell,

  title={Coupling-based wideband digital phased array calibration techniques},

  journal={University of Oklahoma MS Thesis},

  author={Mitchell, Adam Edward},

  year={2014}

}

@INPROCEEDINGS{diagnostic,
  author={Neidman, Y. and Shavit, R. and Bronshtein, A.},
  booktitle={2008 IEEE International Conference on Microwaves, Communications, Antennas and Electronic Systems}, 
  title={Diagnostic of phased arrays with fault elements using the mutual coupling method}, 
  year={2008},
  volume={},
  number={},
  pages={1-6},
  keywords={Phased arrays;Mutual coupling;Calibration;Antenna arrays;Antenna radiation patterns;Linear antenna arrays;Testing;Maintenance engineering;Production facilities;Costs},
  doi={10.1109/COMCAS.2008.4562802}}

@INPROCEEDINGS{edgeEffects,
  author={Salazar, Jorge L. and Aboserwal, Nafati and Díaz, José D. and Ortiz, Javier A. and Fulton, Caleb},
  booktitle={2016 IEEE International Symposium on Phased Array Systems and Technology (PAST)}, 
  title={Edge diffractions impact on the cross polarization performance of active phased array antennas}, 
  year={2016},
  volume={},
  number={},
  pages={1-5},
  keywords={Antenna measurements;Phased arrays;Diffraction;Aperture antennas;array antennas;subarray;edge diffractions;co polarization;cross polarization},
  doi={10.1109/ARRAY.2016.7832571}}

@ARTICLE{simpleParkProbe,
  author={Takahashi, Toru and Konishi, Yoshihiko and Makino, Shigeru and Ohmine, Hiroyuki and Nakaguro, Hiromasa},
  journal={IEEE Transactions on Antennas and Propagation}, 
  title={Fast Measurement Technique for Phased Array Calibration}, 
  year={2008},
  volume={56},
  number={7},
  pages={1888-1899},
  keywords={Phased arrays;Measurement techniques;Calibration;Antenna measurements;Phase measurement;Electric variables measurement;Antenna arrays;Power measurement;Rotation measurement;Fourier series;Calibration;Fourier series;measurement;measurement errors;phased arrays},
  doi={10.1109/TAP.2008.924682}}

@ARTICLE{fastSimplePP,
  author={Long, Rui and Ouyang, Jun and Yang, Feng and Han, Wangwang and Zhou, Longjian},
  journal={IEEE Transactions on Antennas and Propagation}, 
  title={Multi-Element Phased Array Calibration Method by Solving Linear Equations}, 
  year={2017},
  volume={65},
  number={6},
  pages={2931-2939},
  keywords={Antenna measurements;Calibration;Receiving antennas;Phased arrays;Phase measurement;Calibration method;measurement method;phased array antenna;phased array calibration},
  doi={10.1109/TAP.2017.2694767}}

@INPROCEEDINGS{jablon,
  author={Agrawal, A. and Jablon, A.},
  booktitle={IEEE International Symposium on Phased Array Systems and Technology, 2003.}, 
  title={A calibration technique for active phased array antennas}, 
  year={2003},
  volume={},
  number={},
  pages={223-228},
  keywords={Phased arrays;Calibration;Antenna arrays;Production facilities;Antenna measurements;Aperture antennas;Receiving antennas;Transmitting antennas;Degradation;Mutual coupling},
  doi={10.1109/PAST.2003.1256985}}


@inproceedings{seker,
  author    = {I. Şeker},
  title     = {Calibration methods for phased array radars},
  booktitle = {Proceedings of SPIE},
  volume    = {8714},
  pages     = {87140W-1--87140W-15},
  year      = {2013},
  month     = {5},
  doi       = {},
}

@inproceedings{fulton,

  title={Mutual coupling-based calibration for the {H}orus digital phased array radar},

  author={Fulton, Caleb and Kenworthy, Patrick and Lujan, Javier and Herndon, Matthew and Garner, Skyler and Thompson, Devin and Yeary, Mark},

  booktitle={2022 IEEE International Symposium on Phased Array Systems \& Technology (PAST)},

  pages={1--6},

  year={2022},

  organization={IEEE},

  options={maxnames=99}

}

@INPROCEEDINGS{fultonRefCal,
  author={Fulton, C. and Chappell, W.},
  booktitle={2009 IEEE International Conference on Microwaves, Communications, Antennas and Electronics Systems}, 
  title={Calibration techniques for digital phased arrays}, 
  year={2009},
  volume={},
  number={},
  pages={1-10},
  keywords={Phased arrays;Calibration;Circuits;Mutual coupling;Antenna measurements;Antenna arrays;Anechoic chambers;Radar antennas;Monitoring;Radio frequency;Calibration;phased array radar},
  doi={10.1109/COMCAS.2009.5385979}}


@article{aumann,

  title={Phased array antenna calibration and pattern prediction using mutual coupling measurements},

  author={Aumann, Herbert M and Fenn, Alan J and Willwerth, Frank G},

  journal={IEEE Transactions on Antennas and Propagation},

  volume={37},

  number={7},

  pages={844--850},

  year={1989},

  publisher={IEEE}

}

@inproceedings{horuscal,
  author={C. Fulton and others},
  title={Mutual Coupling-Based Calibration for the {H}orus Digital Phased Array Radar},
  booktitle={2022 IEEE International Symposium on Phased Array Systems \& Technology (PAST)},
  location={Waltham, MA, USA},
  year={2022},
  pages={1--6},
  doi={10.1109/PAST49659.2022.9974962},
  keywords={Phased arrays; Mutual coupling; Phase measurement; Radar; Radar polarimetry; Calibration; Monitoring; phased array radar; radar calibration; polarimetric radar; digital radar; weather radar}
}


@article{horusgeneral,
  author={R. D. Palmer and others},
  title={Horus—A Fully Digital Polarimetric Phased Array Radar for Next-Generation Weather Observations},
  journal={IEEE Transactions on Radar Systems},
  volume={1},
  pages={96-117},
  year={2023},
  doi={10.1109/TRS.2023.3280033},
  keywords={Radar; Meteorological radar; Radar polarimetry; Phased arrays; Radar imaging; Doppler radar; Phased arrays; weather radar; fully digital radar}
}

@INPROCEEDINGS{yeary2021,

  author={Yeary, M. and Palmer, R. and Fulton, C. and Salazar, J. and Sigmarsson, H.},

  booktitle={2021 IEEE Radar Conference (RadarConf21)},

  title={Update on an {S}-Band All-Digital Mobile Phased Array Radar},

  year={2021},

  volume={},

  number={},

  pages={1-4},

}

@inproceedings{dipole,
  author={E. Langley and C. Fulton and M. Yeary},
  title={Analysis of Mutual Coupling Algorithms for a Dipole Array},
  booktitle={2021 IEEE International Conference on Microwaves, Antennas, Communications and Electronic Systems (COMCAS)},
  location={Tel Aviv, Israel},
  year={2021},
  pages={326--329},
  doi={10.1109/COMCAS52219.2021.9629046},
  keywords={Phased arrays; Mutual coupling; Codes; Radar antennas; Approximation algorithms; Mathematical models; Microwave antenna arrays; arrays; mutual coupling; calibration}
}

@inproceedings{largeScale,
  author={C. Fulton and J. Salazar and D. Zrnic and D. Mirkovic and I. Ivic and D. Doviak},
  title={Polarimetric Phased Array Calibration for Large-Scale Multi-Mission Radar Applications},
  booktitle={2018 IEEE Radar Conference (RadarConf18)},
  location={Oklahoma City, OK, USA},
  year={2018},
  pages={1272--1277},
  doi={10.1109/RADAR.2018.8378746},
  keywords={Phased arrays; Meteorological radar; Meteorology; Surveillance; Calibration; Shape; phased arrays; weather radar; calibration; dual polarization}
}

@article{holographic,
  author={D. Schvartzman and J. D. D. Díaz and D. Zrnić and M. Herndon and M. B. Yeary and R. D. Palmer},
  title={Holographic Back-Projection Method for Calibration of Fully Digital Polarimetric Phased Array Radar},
  journal={IEEE Transactions on Radar Systems},
  volume={1},
  pages={295--307},
  year={2023},
  doi={10.1109/TRS.2023.3286849},
  keywords={Radar; Calibration; Radar polarimetry; Meteorological radar; Antenna measurements; Phased arrays; Radar antennas; Phased array radar; radar calibration; polarimetric radar; digital radar; weather radar}
}


@inproceedings{dronePatterns,
  author={Umeyama, A. Y. and Salazar-Cerreño, J. L. and Wolf, B. M. and Fulton, C. J.},
  title={Recent Development in {UAV}-based Antenna Pattern Characterization for Weather Radars},
  booktitle={2019 IEEE Conference on Antenna Measurements \& Applications (CAMA)},
  location={Kuta, Bali, Indonesia},
  year={2019},
  pages={199-202},
  doi={10.1109/CAMA47423.2019.8959698},
  keywords={weather radars; radar calibration; dual-polarized; antenna measurements; {UAV}; in-situ measurements; remote sensing}
}

@article{droneProbe,
  author={Umeyama, A. Y. and Salazar-Cerreno, J. L. and Fulton, C. J.},
  title={{UAV}-Based Antenna Measurements for Polarimetric Weather Radars: Probe Analysis},
  journal={IEEE Access},
  volume={8},
  pages={191862-191874},
  year={2020},
  doi={10.1109/ACCESS.2020.3027779},
  keywords={Antenna measurements; Antenna radiation patterns; Probes; Pollution measurement; Radar antennas; Radar; Dipole antennas; Antenna characterization; co-polarization mismatch; cross-polarization contamination; dual-polarized; far-field; measurements; probe; UAV interaction; weather radar}
}

@article{droneFarfield,
  author={Umeyama, A. Y. and Salazar-Cerreno, J. L. and Fulton, C. J.},
  title={{UAV}-Based Far-Field Antenna Pattern Measurement Method for Polarimetric Weather Radars: Simulation and Error Analysis},
  journal={IEEE Access},
  volume={8},
  pages={191124-191137},
  year={2020},
  doi={10.1109/ACCESS.2020.3027790},
  keywords={Antenna measurements; Radar antennas; Measurement uncertainty; Probes; Antenna radiation patterns; Meteorological radar; Antenna characterization; errors; in-situ measurements; UAV; antenna test}
}

@inproceedings{droneMeasurements,
  author={Salazar-Cerreno, J. L. and Jehangir, S. S. and Aboserwal, N. and Segales, A. and Qamar, Z.},
  title={An {UAV}-Based Polarimetric Antenna Measurements for Radar and Communication Systems from 3 {GHz} to 32 {GHz}},
  booktitle={2021 IEEE Conference on Antenna Measurements \& Applications (CAMA)},
  location={Antibes Juan-les-Pins, France},
  year={2021},
  pages={55-60},
  doi={10.1109/CAMA49227.2021.9703660},
  keywords={Antenna measurements; Temperature measurement; Rain; Communication systems; Radar measurements; Transmitting antennas; Metrology; Antenna; array; calibration; metrology; far-field; phased array radar; radome; reflections; wet radome; SATCOM; 5G; UAV; UAS.}
}

@inproceedings{mattherndon,
  author={M. Herndon and M. Yeary},
  title={Real-Time {FPGA}-based Digital Predistortion for Improved Amplifier Performance in Next Generation Phased Arrays},
  booktitle={2022 IEEE Radar Conference (RadarConf22)},
  year={2022},
  location={New York City, NY, USA},
  pages={1--6},
  doi={10.1109/RadarConf2248738.2022.9764300},
  keywords={Phased arrays;Analytical models;Computational modeling;Throughput;Predistortion;Data models;Real-time systems},
}

@inproceedings{originalHolographic,
  author    = {A. C. Newell and B. Schluper and R. J. Davis},
  title     = {Holographic projection to an arbitrary plane from spherical near-field measurements},
  booktitle = {Symposium Digest of the Antenna Measurement Techniques Association},
  pages     = {92--97},
  year      = {2001}
}

@inproceedings{polarmetricHolographic,
  author    = {D. Schvartzman and others},
  title     = {A Polarimetric Antenna-Calibration Method for the {H}orus Radar based on {E}-Field Back Projection},
  booktitle = {2022 IEEE International Symposium on Phased Array Systems \& Technology (PAST)},
  address   = {Waltham, MA, USA},
  pages     = {01--07},
  year      = {2022},
  doi       = {10.1109/PAST49659.2022.9975030},
  keywords  = {Phased arrays, Antenna measurements, Meteorological radar, Radar measurements, Radar antennas, Radar polarimetry, Calibration, phased array radar, radar calibration, polarimetric radar, digital radar, weather radar}
}

@INPROCEEDINGS{shipley,
  author={Shipley, C. and Woods, D.},
  booktitle={Proceedings 2000 IEEE International Conference on Phased Array Systems and Technology (Cat. No.00TH8510)}, 
  title={Mutual coupling-based calibration of phased array antennas}, 
  year={2000},
  volume={},
  number={},
  pages={529-532},
  keywords={Phased arrays;Mutual coupling;Calibration;Antenna arrays;Antenna theory;Modems;Apertures;Nearest neighbor searches;Manufacturing processes;Fabrication},
  doi={10.1109/PAST.2000.859012}}



@article{zacharydunn,
  author={Z. Dunn and M. Yeary and C. Fulton and N. Goodman},
  title={Wideband digital predistortion of solid-state radar amplifiers},
  journal={IEEE Transactions on Aerospace and Electronic Systems},
  volume={52},
  number={5},
  pages={2452--2466},
  month={10},
  year={2016},
  doi={10.1109/TAES.2016.150142},
  keywords={Power generation;Predistortion;Radar;Power measurement;Wideband;Mathematical model},
}

@article{PDoriginal,
  author={D. R. Morgan and Z. Ma and J. Kim and M. G. Zierdt and J. Pastalan},
  title={A Generalized Memory Polynomial Model for Digital Predistortion of {R}{F} Power Amplifiers},
  journal={IEEE Transactions on Signal Processing},
  volume={54},
  number={10},
  pages={3852--3860},
  month={10},
  year={2006},
  doi={10.1109/TSP.2006.879264},
  keywords={Polynomials;Predistortion;Radio frequency;Power amplifiers;Radiofrequency amplifiers;Broadband amplifiers;Multiaccess communication;Power system modeling;RF signals;3G mobile communication;Memory polynomial;power amplifiers;predistortion;spectral regrowth;Universal Mobile Telecommunications System (UMTS);wideband code-division multiple access (WCDMA)},
}

@inproceedings{embeddedFeedLineCal,
  author={O. Inac and S. Y. Kim and D. Shin and C. Y. Kim and G. M. Rebeiz},
  title={Built-in self test systems for silicon-based phased arrays},
  booktitle={2012 IEEE/MTT-S International Microwave Symposium Digest},
  year={2012},
  location={Montreal, QC, Canada},
  pages={1--3},
  doi={10.1109/MWSYM.2012.6259455},
  keywords={Built-in self-test;Phased arrays;Couplers;Receivers;Semiconductor device measurement;Phase measurement;Phased arrays;Built-In-Self-Test;SiGe;CMOS},
}

@INPROCEEDINGS{BIST2019,
  author={Nafe, Ahmed and Kibaroglu, Kerim and Sayginer, Mustafa and Rebeiz, Gabriel M.},
  booktitle={2019 IEEE MTT-S International Microwave Symposium (IMS)}, 
  title={An In-Situ Self-Test and Self-Calibration Technique Utilizing Antenna Mutual Coupling for 5G Multi-Beam {TRX} Phased Arrays}, 
  year={2019},
  volume={},
  number={},
  pages={1229-1232},
  keywords={Phased arrays;Calibration;Built-in self-test;Couplings;Microstrip antenna arrays;5G mobile communication;5G;Ka-band;phased array;MIMO;calibration;built-in self-test;multi-beam array},
  doi={10.1109/MWSYM.2019.8701072}}



%Appendix sources

@article{courrieu2005fast,
  author={P. Courrieu},
  title={Fast Computation of {M}oore-{P}enrose Inverse Matrices},
  journal={Neural Information Processing - Letters and Reviews},
  volume={8},
  number={2},
  pages={25--29},
  year={2005}
}

@book{ben2003generalized,
  author={A. Ben-Israel and T. N. E. Greville},
  title={Generalized Inverses: Theory and Applications},
  edition={2nd},
  publisher={Springer},
  year={2003}
}

@book{gill1991numerical,
  author={P. E. Gill and W. Murray and M. H. Wright},
  title={Numerical Linear Algebra and Optimization},
  publisher={Addison-Wesley},
  year={1991}
}




% Read these:
https://ieeexplore.ieee.org/document/9020812

% Might be useful but probably not:
https://ieeexplore.ieee.org/document/9020884 (fixed probe near field)